@BOOK{sipser,
    KEY       = "sipser",
    AUTHOR    = "Michael Sipser",
    TITLE     = "Introduction to the theory of computation",
    CHAPTER   = "8",
    EDITION   = "Second Edition",
    YEAR      = "2006",
    PAGES     = "303-333",
    PUBLISHER = "Thomson Course Technology"
}

@MISC{usp,
    author="USP",
    title={Notação Assintótica},
    url={https://www.ime.usp.br/~pf/analise_de_algoritmos/aulas/Oh.html},
    publisher={USP - IME}
}

@MISC{ufpr,
    author="UFPR",
    title={Teoria da Computação},
    CHAPTER   = "3.1.1",
    url={http://www.dainf.ct.utfpr.edu.br/~murilo/teoria/notes/TCparte3.pdf},
    publisher={UFPR}
}

@MISC {wiki,
    author = "fonte pública",
    title  = "Complexidade Computacional",
    month  = "sep",
    year   = "2017",
    url    = "https://pt.wikipedia.org/wiki/Complexidade_computacional"
}
@MISC {ufpr2,
    author   = "UFPR",
    year     = "2017",
    title  = "Complexidade Computacional",
    month    = "nov",
    edition  = "first",
    crossref = "http://www.dainf.ct.utfpr.edu.br/~murilo/teoria/notes/TCparte3.pdf"
}

@MISC {udesc,
    author   = "UDESC",
    year     = "2017",
    month    = "nov",
    edition  = "first",
    crossref = "https://buchinger.github.io/CAL/index.html"
}

